@Manual{rs-shiny,
  title = {shiny: Web Application Framework for R},
  author = {{RStudio Inc.}},
  year = {2013},
  note = {R package version 0.4.0},
  url = {http://CRAN.R-project.org/package=shiny},
}

@Article{mb-d3,
  title =  {D3: Data-Driven Documents},
  author =	{Michael Bostock and Vadim Ogievetsky and Jeffrey Heer},
  journal =	{IEEE Trans. Visualization \& Comp. Graphics (Proc. InfoVis)},
  year = 	{2011},
  url =	"http://vis.stanford.edu/files/2011-D3-InfoVis.pdf",
}


@Manual{acb-rjson,
  title = {rjson: JSON for R},
  author = {Alex Couture-Beil},
  year = {2013},
  note = {R package version 0.2.12},
  url = {http://CRAN.R-project.org/package=rjson},
}

@Article{gc-igraph,
  title = {The igraph software package for complex network research},
  author = {Gabor Csardi and Tamas Nepusz},
  journal = {InterJournal},
  volume = {Complex Systems},
  pages = {1695},
  year = {2006},
  url = {http://igraph.sf.net},
}